@book{gibson1996case,
	title={A Case for Network-Attached Secure Disks},
	author={Gibson, Garth A and Nagle, David F and Amiri, Khalil and Chang, Fay W and Feinberg, Eugene and Gobioff, Howard and Lee, Chen and Ozceri, Berend and Riedel, Erik and Rochberg, David},
	year={1996},
	publisher={Carnegie-Mellon University. Department of Computer Science}
}

@article{Edelson_2004, 
	title={Security in Network Attached Storage (NAS) for Workgroups}, 
	volume={2004},
	rights={https://www.elsevier.com/tdm/userlicense/1.0/}, 
	ISSN={13534858},
	url={https://linkinghub.elsevier.com/retrieve/pii/S1353485804000650},
	DOI={10.1016/S1353-4858(04)00065-0}, 
	number={4}, 
	journal={Network Security}, 
	author={Edelson, Eve}, 
	year={2004}, 
	month=apr, 
	pages={8--12}, 
	language={en}
}

@inproceedings{miller2002strong,
	title={Strong Security for {Network-Attached} Storage},
	author={Miller, Ethan and Long, Darrell},
	booktitle={Conference on File and Storage Technologies (FAST 02)},
	year={2002}
}

@article{Gibson_Van_Meter_2000, 
	title={Network Attached Storage Architecture}, 
	volume={43}, 
	ISSN={0001-0782, 1557-7317}, 
	url={https://dl.acm.org/doi/10.1145/353360.353362}, 
	DOI={10.1145/353360.353362}, 
	number={11}, 
	journal={Communications of the ACM}, 
	author={Gibson, Garth A and Van Meter, Rodney}, 
	year={2000}, 
	month=nov, 
	pages={37--45}, 
	language={en}
}